<record xmlns="http://www.loc.gov/MARC21/slim">
    <leader>02012ctm a2200445Ii 4500</leader>
    <controlfield tag="001">99900470482501852</controlfield>
    <controlfield tag="005">20200514074707.5</controlfield>
    <controlfield tag="008">180124q13011400ne 000 0 dut d</controlfield>
    <datafield ind1=" " ind2=" " tag="035">
        <subfield code="a">(OCoLC)1020290824</subfield>
    </datafield>
    <datafield ind1=" " ind2=" " tag="035">
        <subfield code="a">(OCoLC)on1020290824</subfield>
    </datafield>
    <datafield ind1=" " ind2=" " tag="035">
        <subfield code="a">(EXLNZ-01ALLIANCE_NETWORK)99324669281201451</subfield>
    </datafield>
    <datafield ind1=" " ind2=" " tag="040">
        <subfield code="a">ORU</subfield>
        <subfield code="b">eng</subfield>
        <subfield code="e">rda</subfield>
        <subfield code="c">ORU</subfield>
        <subfield code="d">OCLCO</subfield>
        <subfield code="d">OCLCF</subfield>
        <subfield code="d">OCLCQ</subfield>
        <subfield code="d">OCLCO</subfield>
    </datafield>
    <datafield ind1=" " ind2=" " tag="043">
        <subfield code="a">e-ne---</subfield>
    </datafield>
    <datafield ind1=" " ind2=" " tag="049">
        <subfield code="a">MAIN</subfield>
    </datafield>
    <datafield ind1="0" ind2="0" tag="245">
        <subfield code="a">Leaf from a vernacular book of hours.</subfield>
    </datafield>
    <datafield ind1=" " ind2="0" tag="264">
        <subfield code="a">[Netherlands],</subfield>
        <subfield code="c">[between 1301 and 1400]</subfield>
    </datafield>
    <datafield ind1=" " ind2=" " tag="300">
        <subfield code="a">1 leaf :</subfield>
        <subfield code="b">parchment ;</subfield>
        <subfield code="c">122 x 187 mm</subfield>
    </datafield>
    <datafield ind1=" " ind2=" " tag="336">
        <subfield code="a">text</subfield>
        <subfield code="b">txt</subfield>
        <subfield code="2">rdacontent</subfield>
    </datafield>
    <datafield ind1=" " ind2=" " tag="337">
        <subfield code="a">unmediated</subfield>
        <subfield code="b">n</subfield>
        <subfield code="2">rdamedia</subfield>
    </datafield>
    <datafield ind1=" " ind2=" " tag="338">
        <subfield code="a">sheet</subfield>
        <subfield code="b">nb</subfield>
        <subfield code="2">rdacarrier</subfield>
    </datafield>
    <datafield ind1="1" ind2=" " tag="541">
        <subfield code="c">Purchase;</subfield>
        <subfield code="a">Phillip J. Pirages Fine Books and Manuscripts, McMinnville,
            OR;</subfield>
        <subfield code="d">2017.</subfield>
    </datafield>
    <datafield ind1=" " ind2=" " tag="500">
        <subfield code="a">Manuscript document.</subfield>
    </datafield>
    <datafield ind1=" " ind2=" " tag="500">
        <subfield code="a">Title devised by cataloger.</subfield>
    </datafield>
    <datafield ind1=" " ind2=" " tag="500">
        <subfield code="a">Collation: Parchment, single sheet.</subfield>
    </datafield>
    <datafield ind1=" " ind2=" " tag="500">
        <subfield code="a">Origin: Netherlands.</subfield>
    </datafield>
    <datafield ind1=" " ind2=" " tag="500">
        <subfield code="a">Layout: Two columns, 24 lines.</subfield>
    </datafield>
    <datafield ind1=" " ind2=" " tag="500">
        <subfield code="a">Lettering: Textura.</subfield>
    </datafield>
    <datafield ind1=" " ind2=" " tag="500">
        <subfield code="a">Decoration: One initial in blue, with red and green flourishing;
            rubrication.</subfield>
    </datafield>
    <datafield ind1=" " ind2=" " tag="500">
        <subfield code="a">Binding: Disbound.</subfield>
    </datafield>
    <datafield ind1=" " ind2=" " tag="500">
        <subfield code="a">Shelfmark: Eugene, OR, Special Collections and University Archives,
            University of Oregon, MS 79.</subfield>
    </datafield>
    <datafield ind1=" " ind2=" " tag="546">
        <subfield code="a">In Dutch.</subfield>
    </datafield>
    <datafield ind1=" " ind2=" " tag="506">
        <subfield code="a">RESTRICTED ITEM:</subfield>
        <subfield code="b">use only by permission of the appropriate curator. Inquiries concerning
            this item should be directed, in writing, to the Public Services of the Special
            Collections Department.</subfield>
    </datafield>
    <datafield ind1=" " ind2="0" tag="650">
        <subfield code="a">Manuscripts, Medieval</subfield>
        <subfield code="z">Oregon</subfield>
        <subfield code="z">Eugene.</subfield>
    </datafield>
    <datafield ind1=" " ind2="7" tag="650">
        <subfield code="a">Manuscripts, Medieval.</subfield>
        <subfield code="2">fast</subfield>
        <subfield code="0">(OCoLC)fst01008422</subfield>
    </datafield>
    <datafield ind1=" " ind2="7" tag="651">
        <subfield code="a">Oregon</subfield>
        <subfield code="z">Eugene.</subfield>
        <subfield code="2">fast</subfield>
        <subfield code="0">(OCoLC)fst01205922</subfield>
    </datafield>
    <datafield ind1=" " ind2="7" tag="655">
        <subfield code="a">Manuscripts (documents)</subfield>
        <subfield code="2">aat</subfield>
    </datafield>
    <datafield ind1="2" ind2=" " tag="710">
        <subfield code="a">University of Oregon.</subfield>
        <subfield code="b">Libraries.</subfield>
        <subfield code="b">Special Collections &amp; University Archives.</subfield>
        <subfield code="k">Manuscript</subfield>
        <subfield code="n">(MS 79th)</subfield>
    </datafield>
    <datafield ind1=" " ind2=" " tag="851">
        <subfield code="a">Special Collections and University Archives,</subfield>
        <subfield code="c">University of Oregon, Eugene, OR 97403.</subfield>
    </datafield>
    <datafield ind1="8" ind2=" " tag="852">
        <subfield code="8">22328058460001852</subfield>
        <subfield code="b">SpecColl</subfield>
        <subfield code="c">spvault</subfield>
        <subfield code="h">MS 079</subfield>
    </datafield>
    <datafield ind1=" " ind2=" " tag="994">
        <subfield code="a">92</subfield>
        <subfield code="b">OCACL</subfield>
    </datafield>
</record>
